<?xml version="1.0" encoding="UTF-8"?><collection xmlns="http://www.loc.gov/MARC21/slim"><record><leader>00466nam--2200157-i-4500</leader><controlfield tag="001">000049162</controlfield><controlfield tag="002">20161230</controlfield><controlfield tag="005">20161230201047</controlfield><controlfield tag="008">060222s1000------------r-----000-0-eng-d</controlfield><datafield ind1=" " ind2=" " tag="080"><subfield code="a">517.942.82:53</subfield></datafield><datafield ind1="1" ind2=" " tag="100"><subfield code="a">Parodi, Maurice</subfield></datafield><datafield ind1="1" ind2="0" tag="245"><subfield code="a">Applications physiques de la transformation de laplace. preface de j.peres</subfield></datafield><datafield ind1=" " ind2=" " tag="260"><subfield code="a">/Paris/. C.N.R.S., Editure, 1948, Viii+177p</subfield></datafield><datafield ind1=" " ind2=" " tag="490"><subfield code="a">B Methodes De Calcul</subfield></datafield><datafield ind1=" " ind2=" " tag="852"><subfield code="a">1639</subfield><subfield code="c">517.63</subfield></datafield><datafield ind1=" " ind2=" " tag="CAT"><subfield code="a">Sys</subfield><subfield code="c">20080821</subfield><subfield code="h">091857</subfield></datafield></record></collection>